% edited many references by hand with howpublished = and note = "Accessed" to correctly display webpages...

@misc{beniwal_network_2018,
	title = {A {Network} {Analysis} of {Game} of {Thrones}},
	howpublished = "https://medium.com/@himanshubeniwal/a-network-analysis-of-game-of-thrones-73360505e541",
	abstract = {Jon Snow, Daenerys Targaryen, or Tyrion Lannister? Who is the most important character in Game of Thrones?},
	urldate = {2018-09-05},
	journal = {Medium},
	author = {Beniwal, Himanshu},
	month = may,
	year = {2018},
	note = "Accessed 7-September-2018."
}

@Book{martin1996a,
 author = {Martin, George},
 title = {A Game of Thrones},
 publisher = {HarperCollins},
 year = {1996},
 address = {London},
 isbn = {0002245841}
 }
 
@Book{martin1998a,
 author = {Martin, George},
 title = {A Clash of Kings},
 publisher = {HarperCollins},
 year = {1998},
 address = {London},
 isbn = {000224585X}
 }
 
@misc{shop_game_nodate,
	title = {Game of {Thrones} ({Tyrion} {Lannister} - {I} {Drink} and {I} {Know} {Things}) - {Posters}},
	language = {en},
	journal = {pyramidshop.com},
	author = {Pyramid Shop},
	howpublished = "https://pyramidshop.com/do/item/PP34159R/Game-of-Thrones-Tyrion-Lannister---I-Drink-and-I-K",
	year = {2018},
    note = "Accessed 7-September-2018."
}

@misc{glander_another_2018,
	title = {Another {Game} of {Thrones} network analysis - this time with tidygraph and ggraph},
	url = {/2018/03/got_network/},
	language = {en-us},
	urldate = {2018-09-07},
	journal = {Shirin's playgRound},
	author = {Glander, Dr Shirin},
	howpublished = "https://pyramidshop.com/do/item/PP34159R/Game-of-Thrones-Tyrion-Lannister---I-Drink-and-I-K",
	year = {2018},
    note = "Accessed 7-September-2018."
}


@misc{networkofthrones_networks_2017,
	title = {Networks for all the books!},
	howpublished = "https://networkofthrones.wordpress.com/2017/07/12/networks-for-all-the-books-are-done/",
	language = {en},
    note = "Accessed 7-September-2018.",
	journal = {Network of Thrones},
	author = {Beveridge, Andrew},
	month = jul,
	year = {2017},
	note = "Accessed 7-September-2018."
}

@article{RevModPhys.74.47,
  title = {Statistical mechanics of complex networks},
  author = {Albert, R\'eka and Barab\'asi, Albert-L\'aszl\'o},
  journal = {Rev. Mod. Phys.},
  volume = {74},
  issue = {1},
  pages = {47--97},
  numpages = {0},
  year = {2002},
  month = {Jan},
  publisher = {American Physical Society},
  doi = {10.1103/RevModPhys.74.47},
  url = {https://link.aps.org/doi/10.1103/RevModPhys.74.47}
}

@misc{ziss_9_2018,
	title = {The 9 {Most} {Believable} '{GoT}' {Theories} {About} {Who} {Will} {Actually} {End} {Up} {On} {The} {Iron} {Throne}},
	howpublished = "https://www.bustle.com/p/9-believable-game-of-throne-theories-about-who-will-end-up-on-the-iron-throne-8366557",
	language = {en},
	urldate = {2018-09-08},
	journal = {Bustle},
	author = {Ziss, Sophy},
	month = mar,
	year = {2018},
	note = "Accessed 7-September-2018."
}

@article{TVERSKY1973207,
title = "Availability: A heuristic for judging frequency and probability",
journal = "Cognitive Psychology",
volume = "5",
number = "2",
pages = "207 - 232",
year = "1973",
issn = "0010-0285",
doi = "https://doi.org/10.1016/0010-0285(73)90033-9",
url = "http://www.sciencedirect.com/science/article/pii/0010028573900339",
author = "Amos Tversky and Daniel Kahneman"
}